<record xmlns="http://www.loc.gov/MARC21/slim" xmlns:xsi="http://www.w3.org/2001/XMLSchema-instance" xsi:schemaLocation="http://www.loc.gov/MARC21/slim http://www.loc.gov/standards/marcxml/schema/MARC21slim.xsd"><leader>00769cz   2200217n  4500</leader><controlfield tag="001">oca04257248 </controlfield><controlfield tag="003">OCoLC</controlfield><controlfield tag="005">20050701155227.0</controlfield><controlfield tag="008">970128n| acannaab           |a aaa     c</controlfield><datafield ind1=" " ind2=" " tag="010"><subfield code="a">no 97005749 </subfield></datafield><datafield ind1=" " ind2=" " tag="035"><subfield code="a">(OCoLC)oca04257248</subfield></datafield><datafield ind1=" " ind2=" " tag="040"><subfield code="a">MdU</subfield><subfield code="c">MdU</subfield><subfield code="d">DLC</subfield></datafield><datafield ind1="0" ind2=" " tag="100"><subfield code="a">Rufinus</subfield><subfield code="c">(Epigrammatist)</subfield></datafield><datafield ind1="0" ind2=" " tag="400"><subfield code="w">nnaa</subfield><subfield code="a">Rufinos</subfield></datafield><datafield ind1="0" ind2=" " tag="400"><subfield code="a">Rufinos</subfield><subfield code="c">(Epigrammatist)</subfield></datafield><datafield ind1="0" ind2=" " tag="400"><subfield code="a">Rufin</subfield><subfield code="c">(Epigrammatist)</subfield></datafield><datafield ind1=" " ind2=" " tag="670"><subfield code="a">The epigrams of Rufinus, 1978</subfield></datafield><datafield ind1=" " ind2=" " tag="670"><subfield code="a">LC database, Nov. 4, 1996</subfield><subfield code="b">(hdg: Rufinos; usage: Rufinus; Rufinos)</subfield></datafield><datafield ind1=" " ind2=" " tag="670"><subfield code="a">NUC pre-56</subfield><subfield code="b">(hdg: Rufinus, the Epigrammatist; usage: Rufin)</subfield></datafield><datafield ind1=" " ind2=" " tag="670"><subfield code="a">New classic. dict. Greek and Roman biog., myth., geo.</subfield><subfield code="b">(Rufinus; date uncertain but Byzantine)</subfield></datafield><datafield ind1=" " ind2=" " tag="675"><subfield code="a">Oxf. classic. dict. ;</subfield><subfield code="a">Britannica micro.</subfield></datafield></record>